<record><leader>00000cas a22000007a 4500</leader><controlfield tag="001">27730332</controlfield><controlfield tag="008">930315d18981907scuwr ne      0    0eng d</controlfield><datafield ind1=" " ind2=" " tag="010"><subfield code="a">sn 93059206 </subfield></datafield><datafield ind1=" " ind2=" " tag="040"><subfield code="a">MGN</subfield><subfield code="b">eng</subfield><subfield code="c">MGN</subfield><subfield code="d">SVN</subfield><subfield code="d">OCLCQ</subfield></datafield><datafield ind1=" " ind2=" " tag="042"><subfield code="a">msc</subfield></datafield><datafield ind1="0" ind2="4" tag="245"><subfield code="a">The county messenger.</subfield></datafield><datafield ind1=" " ind2=" " tag="260"><subfield code="a">Darlington, S.C. :</subfield><subfield code="b">T.J. Drew</subfield></datafield><datafield ind1=" " ind2=" " tag="300"><subfield code="a">v.</subfield></datafield><datafield ind1=" " ind2=" " tag="310"><subfield code="a">Weekly</subfield></datafield><datafield ind1="1" ind2=" " tag="362"><subfield code="a">Began in 1898; ceased in Dec. 1907?</subfield></datafield><datafield ind1=" " ind2=" " tag="500"><subfield code="a">Published in Hartsville, S.C., &lt;1903&gt; - 1907.</subfield></datafield><datafield ind1=" " ind2=" " tag="588"><subfield code="a">Description based on: Vol. 6, no. 8 (May 5, 1898).</subfield></datafield><datafield ind1=" " ind2="4" tag="651"><subfield code="a">Darlington County (S.C.)</subfield><subfield code="v">Newspapers.</subfield></datafield><datafield ind1=" " ind2=" " tag="752"><subfield code="a">United States</subfield><subfield code="b">South Carolina</subfield><subfield code="c">Darlington</subfield><subfield code="d">Darlington.</subfield></datafield><datafield ind1="0" ind2="0" tag="780"><subfield code="t">Hartsville messenger (Hartsville, S.C. : 1893)</subfield><subfield code="w">(DLC)sn 93067793</subfield></datafield><datafield ind1="0" ind2="0" tag="785"><subfield code="t">Hartsville messenger (Hartsville, S.C. : 1908)</subfield><subfield code="w">(DLC)sn 84001807</subfield></datafield><datafield ind1="1" ind2=" " tag="029"><subfield code="a">AU@</subfield><subfield code="b">000020741638</subfield></datafield></record>